{"leader":"07107cjm a2200397Ia 4500","fields":[{"001":"12035894"},
{"005":"20101115110519.0"},
{"007":"sd fungnnmmneu"},
{"008":"100812r2010uuuuenkmpnn           n eng c"},
{"040":{"ind1":" ","ind2":" ","subfields":[{"a":"BTCTA"},
  {"b":"eng"},
  {"c":"BTCTA"},
  {"d":"CPL"},
  {"d":"Gbg"}]}},
{"024":{"ind1":"1","ind2":" ","subfields":[{"a":"738572132521"}]}},
{"024":{"ind1":"7","ind2":" ","subfields":[{"a":"00738572132521"},
  {"2":"gtin-14"}]}},
{"028":{"ind1":"0","ind2":"2","subfields":[{"a":"SILCD 1325"},
  {"b":"Silva Screen"}]}},
{"035":{"ind1":" ","ind2":" ","subfields":[{"a":"(OCoLC)656509269"}]}},
{"245":{"ind1":"0","ind2":"0","subfields":[{"a":"100 greatest Western themes"},
  {"h":"[Ljudupptagning]"}]}},
{"246":{"ind1":"3","ind2":" ","subfields":[{"a":"One hundred greatest Western themes"}]}},
{"246":{"ind1":"1","ind2":" ","subfields":[{"i":"Title on individual container spines:"},
  {"a":"100 greatest Western film themes"}]}},
{"260":{"ind1":" ","ind2":" ","subfields":[{"a":"[London, England] :"},
  {"b":"Silva Screen,"},
  {"c":"p2010."}]}},
{"300":{"ind1":" ","ind2":" ","subfields":[{"a":"6 sound discs :"},
  {"b":"digital ;"},
  {"c":"4 3/4 in."}]}},
{"511":{"ind1":"0","ind2":" ","subfields":[{"a":"Various vocalists; City of Prague Philharmonic Orchestra; Crouch End Festival Chorus; Paul Bateman, Nic Raine, James Fitzpatrick, Derek Wadsworth, Kenneth Alwyn, conductors."}]}},
{"500":{"ind1":" ","ind2":" ","subfields":[{"a":"Previously released material."}]}},
{"500":{"ind1":" ","ind2":" ","subfields":[{"a":"Compact disc."}]}},
{"505":{"ind1":"0","ind2":"0","subfields":[{"t":"The Alamo. Overture/Main title ;"},
  {"t":"The green leaves of summer /"},
  {"r":"Dimitri Tiomkin --"},
  {"t":"The big country. Main theme /"},
  {"r":"Jerome Moross --"},
  {"t":"The big valley. Main theme /"},
  {"r":"George Duning --"},
  {"t":"Big Jake. Concert suite /"},
  {"r":"Elmer Bernstein --"},
  {"t":"Blazing saddles."},
  {"t":"Blazing saddles /"},
  {"r":"John Morris (Jason Howard, vocals) --"},
  {"t":"Blue."},
  {"t":"Blue's solitude ;"},
  {"t":"The river /"},
  {"r":"Manos Hadjidakis --"},
  {"t":"Bonanza. TV theme /"},
  {"r":"Jay Livingston, Ray Evans --"},
  {"t":"Brokeback Mountain."},
  {"t":"Brokeback Mountain ;"},
  {"t":"The wings /"},
  {"r":"Gustavo Santaolalla --"},
  {"t":"Buffalo girls. Suite /"},
  {"r":"Lee Holdridge --"},
  {"t":"Butch Cassidy and the Sundance Kid."},
  {"t":"Raindrops keep falling on my head /"},
  {"r":"Burt Bacharach, Hal David (Keith Ferreira, vocals) --"},
  {"t":"Cahill, United States marshall."},
  {"t":"Necktie party /"},
  {"r":"Elmer Bernstein --"},
  {"t":"The comancheros."},
  {"t":"McBain ;"},
  {"g":"Main title /"},
  {"r":"Elmer Bernstein --"},
  {"t":"The cowboys. Overture /"},
  {"r":"John Williams --"},
  {"t":"Dances with wolves."},
  {"t":"The John Dunbar theme ;"},
  {"t":"The buffalo hunt /"},
  {"r":"John Barry --"},
  {"t":"A distant trumpet. Main title /"},
  {"r":"Max Steiner (Westminster Philharmonic Orchestra) --"},
  {"t":"Duel in the sun. Entr'acte /"},
  {"r":"Dimitri Tiomkin --"},
  {"t":"El condor. Main title /"},
  {"r":"Maurice Jarre --"},
  {"t":"A fistful of dollars."},
  {"t":"A fistful of dollars /"},
  {"r":"Ennio Morricone --"},
  {"t":"A fistful of dynamite."},
  {"t":"Duck you sucker /"},
  {"r":"Ennio Morricone (Charlotte Kinder, vocals) --"},
  {"t":"The five man army."},
  {"t":"The five man army /"},
  {"r":"Ennio Morricone --"},
  {"t":"For a few dollars more."},
  {"t":"For a few dollars more /"},
  {"r":"Ennio Morricone --"},
  {"t":"Friendly persuasion."},
  {"t":"Thee I love /"},
  {"r":"Dimitri Tiomkin --"},
  {"t":"Gettysburg. Main title ;"},
  {"t":"Fife and gun ;"},
  {"t":"The Gettysburg address ;"},
  {"t":"Reunion and finale /"},
  {"r":"Randy Edelman (Daniel Massey, narrator) --"},
  {"t":"Giant."},
  {"t":"Giant ;"},
  {"t":"The ballad of Jett Rink /"},
  {"r":"Dimitri Tiomkin (Keith Ferreira, vocals) --"},
  {"t":"Gone with the wind. Overture /"},
  {"r":"Max Steiner --"},
  {"t":"The good, the bad, and the ugly."},
  {"t":"The good, the bad, and the ugly ;"},
  {"t":"The ecstasy of gold /"},
  {"r":"Ennio Morricone --"},
  {"t":"Gunfight at the O.K. Corral. Suite /"},
  {"r":"Dimitri Tiomkin --"},
  {"t":"Guns for San Sebastian. Overture /"},
  {"r":"Ennio Morricone --"},
  {"t":"The Hallelujah Trail. Suite /"},
  {"r":"Elmer Bernstein --"},
  {"t":"Hang 'em high. Main theme /"},
  {"r":"Dominic Frontiere --"},
  {"t":"The hanging tree. Main title /"},
  {"r":"Max Steiner --"},
  {"t":"Heaven's gate."},
  {"t":"Sweet breeze /"},
  {"r":"David Mansfield --"},
  {"t":"Heaven's gate."},
  {"t":"Mamou two step /"},
  {"r":"Doug Kershaw --"},
  {"t":"The high chaparral."},
  {"t":"The high chaparral /"},
  {"r":"David Rose --"},
  {"t":"High noon."},
  {"t":"Do not forsake me /"},
  {"r":"Dimitri Tiomkin (Jason Howard, vocals) --"},
  {"t":"High plains drifter."},
  {"t":"High plains drifter /"},
  {"r":"Dee Barton --"},
  {"t":"How the West was won. Overture /"},
  {"r":"Alfred Newman --"},
  {"t":"The Jayhawkers. Suite /"},
  {"r":"Jerome Moross --"},
  {"t":"Johnny Belinda. Suite /"},
  {"r":"Max Steiner --"},
  {"t":"Little house on the prairie."},
  {"t":"Little house on the prairie /"},
  {"r":"David Rose (Daniel Caine Orchestra) --"},
  {"t":"The lone ranger. Main theme :"},
  {"t":"William Tell overture /"},
  {"r":"Gioachino Rossini --"},
  {"t":"Lonesome dove. Suite /"},
  {"r":"Basil Poledouris --"}]}},
{"505":{"ind1":"8","ind2":"0","subfields":[{"t":"The magnificent seven."},
  {"t":"The magnificent seven /"},
  {"r":"Elmer Bernstein --"},
  {"t":"Maverick."},
  {"t":"Run over by a stagecoach /"},
  {"r":"Randy Newman --"},
  {"t":"The men from Shiloh. Main theme /"},
  {"r":"Ennio Morricone --"},
  {"t":"The Missouri breaks. Love theme /"},
  {"r":"John Williams (Steve Lockwood, harmonica) --"},
  {"t":"Monte Walsh ;"},
  {"t":"The good times are comin' ;"},
  {"g":"Suite /"},
  {"r":"John Barry --"},
  {"t":"My name is nobody."},
  {"t":"My name is nobody /"},
  {"r":"Ennio Morricone (Gareth Williams) --"},
  {"t":"Nevada Smith."},
  {"t":"Nevada Smith /"},
  {"r":"Alfred Newman --"},
  {"t":"Night passage."},
  {"t":"Follow the river /"},
  {"r":"Dimitri Tiomkin --"},
  {"t":"North and South."},
  {"t":"North and South /"},
  {"r":"Bill Conti (Daniel Caine Orchestra) --"},
  {"t":"Old gringo."},
  {"t":"Old gringo /"},
  {"r":"Lee Holdridge --"},
  {"t":"Once upon a time in the West."},
  {"t":"The man with the harmonica ;"},
  {"t":"Jill's theme /"},
  {"r":"Ennio Morricone (Jill Washington, vocals) --"},
  {"t":"One-eyed jacks."},
  {"t":"One-eyed jacks /"},
  {"r":"Hugo Friedhofer --"},
  {"t":"The outlaw Josey Wales."},
  {"t":"The war is over /"},
  {"r":"Jerry Fielding --"},
  {"t":"The professionals. Overture /"},
  {"r":"Maurice Jarre --"},
  {"t":"The proud rebel."},
  {"t":"The proud rebel /"},
  {"r":"Jerome Moross --"},
  {"t":"The quick and the dead."},
  {"t":"The quick and the dead /"},
  {"r":"Alan Silvestri --"},
  {"t":"Quigley down under. End titles /"},
  {"r":"Basil Poledouris --"},
  {"t":"The rare breed. Suite /"},
  {"r":"John Williams --"},
  {"t":"Rawhide."},
  {"t":"Rawhide /"},
  {"r":"Dimitri Tiomkin (Keith Ferreira, vocals) --"},
  {"t":"Red River."},
  {"t":"River crossing /"},
  {"r":"Dimitri Tiomkin --"},
  {"t":"Red sun. Main theme /"},
  {"r":"Maurice Jarre --"},
  {"t":"Rio Bravo."},
  {"t":"Rio Bravo and De Guello /"},
  {"r":"Dimitri Tiomkin (Jason Howard, vocals) --"},
  {"t":"The scalphunters. Main titles /"},
  {"r":"Elmer Bernstein --"},
  {"t":"The searchers. Suite /"},
  {"r":"Max Steiner --"},
  {"t":"Shane."},
  {"t":"The call of the faraway hills /"},
  {"r":"Victor Young --"},
  {"t":"She wore a yellow ribbon. Suite /"},
  {"r":"Richard Hageman --"},
  {"t":"The shootist. Main titles /"},
  {"r":"Elmer Bernstein --"},
  {"t":"Silverado."},
  {"t":"Silverado /"},
  {"r":"Bruce Broughton --"},
  {"t":"The sons of Katie Elder. Concert suite /"},
  {"r":"Elmer Bernstein --"},
  {"t":"Stagecoach. Narrative for orchestra /"},
  {"r":"Richard Hageman --"},
  {"t":"Tension at Table Rock. Suite /"},
  {"r":"Dimitri Tiomkin --"},
  {"t":"True grit."},
  {"t":"Rooster and Le Boeuf ;"},
  {"t":"Warm wrap-up ;"},
  {"t":"True grit /"},
  {"r":"Elmer Bernstein (Keith Ferreira, vocals) --"},
  {"t":"Two mules for Sister Sara."},
  {"t":"Two mules for Sister Sara /"},
  {"r":"Ennio Morricone --"},
  {"t":"Unforgiven."},
  {"t":"Claudia's theme /"},
  {"r":"Clint Eastwood --"},
  {"t":"The unforgiven."},
  {"t":"Across the Texas Panhandle ;"},
  {"t":"The need for love ;"},
  {"t":"Horse ballet /"},
  {"r":"Dimitri Tiomkin --"},
  {"t":"Villa rides."},
  {"t":"Villa rides /"},
  {"r":"Maurice Jarre --"},
  {"t":"The Virginian."},
  {"t":"The Virginian /"},
  {"r":"Percy Faith --"},
  {"t":"Viva Zapata."},
  {"t":"Gathering forces /"},
  {"r":"Alex North --"},
  {"t":"Wagon train."},
  {"t":"Wagon train /"},
  {"r":"Jerome Moross --"},
  {"t":"The war wagon. Suite /"},
  {"r":"Dimitri Tiomkin --"},
  {"t":"The wild bunch."},
  {"t":"Train montage ;"},
  {"t":"All fall down /"},
  {"r":"Jerry Fielding --"},
  {"t":"The wild rovers."},
  {"r":"Bronco bustin' /"},
  {"r":"Jerry Goldsmith --"},
  {"t":"The wild wild West."},
  {"t":"The wild wild West /"},
  {"r":"Richard Markowitz --"},
  {"t":"The wild wild West."},
  {"t":"The wild wild West /"},
  {"r":"Dimitri Tiomkin --"},
  {"t":"Wyatt Earp. Main titles /"},
  {"r":"James Newton Howard --"},
  {"t":"The young land."},
  {"t":"The young land /"},
  {"r":"Dimitri Tiomkin --"},
  {"t":"The young riders."},
  {"t":"The young riders /"},
  {"r":"John Debney (Daniel Caine Orchestra)."}]}},
{"650":{"ind1":" ","ind2":"0","subfields":[{"a":"Motion picture music"},
  {"v":"Excerpts."}]}},
{"650":{"ind1":" ","ind2":"0","subfields":[{"a":"Television music"},
  {"v":"Excerpts."}]}},
{"650":{"ind1":" ","ind2":"7","subfields":[{"a":"Musikinspelningar"},
  {"2":"sao"}]}},
{"650":{"ind1":" ","ind2":"7","subfields":[{"a":"Filmmusik"},
  {"2":"sao"}]}},
{"651":{"ind1":" ","ind2":"0","subfields":[{"a":"West (U.S.)"},
  {"v":"Songs and music."}]}},
{"700":{"ind1":"1","ind2":" ","subfields":[{"a":"Bateman, Paul,"},
  {"c":"musician."},
  {"4":"cnd"}]}},
{"700":{"ind1":"1","ind2":" ","subfields":[{"a":"Raine, Nic."},
  {"4":"cnd"}]}},
{"700":{"ind1":"1","ind2":" ","subfields":[{"a":"Fitzpatrick, James,"},
  {"c":"conductor."},
  {"4":"cnd"}]}},
{"700":{"ind1":"1","ind2":" ","subfields":[{"a":"Wadsworth, Derek."},
  {"4":"cnd"}]}},
{"700":{"ind1":"1","ind2":" ","subfields":[{"a":"Alwyn, Kenneth."},
  {"4":"cnd"}]}},
{"710":{"ind1":"2","ind2":" ","subfields":[{"a":"City of Prague Philharmonic Orchestra."},
  {"4":"prf"}]}},
{"710":{"ind1":"2","ind2":" ","subfields":[{"a":"Crouch End Festival Chorus."},
  {"4":"prf"}]}}]}
